[
  {
    "__type__": "cc.Prefab",
    "_name": "",
    "_objFlags": 0,
    "_native": "",
    "data": {
      "__id__": 1
    },
    "optimizationPolicy": 0,
    "asyncLoadAssets": false,
    "readonly": false
  },
  {
    "__type__": "cc.Node",
    "_name": "asteroid5",
    "_objFlags": 0,
    "_parent": null,
    "_children": [],
    "_active": true,
    "_components": [
      {
        "__id__": 2
      },
      {
        "__id__": 3
      },
      {
        "__id__": 4
      }
    ],
    "_prefab": {
      "__id__": 5
    },
    "_opacity": 255,
    "_color": {
      "__type__": "cc.Color",
      "r": 255,
      "g": 255,
      "b": 255,
      "a": 255
    },
    "_contentSize": {
      "__type__": "cc.Size",
      "width": 32,
      "height": 62
    },
    "_anchorPoint": {
      "__type__": "cc.Vec2",
      "x": 0.5,
      "y": 0.5
    },
    "_trs": {
      "__type__": "TypedArray",
      "ctor": "Float64Array",
      "array": [
        5060,
        20,
        0,
        0,
        0,
        0,
        1,
        6,
        6,
        6
      ]
    },
    "_eulerAngles": {
      "__type__": "cc.Vec3",
      "x": 0,
      "y": 0,
      "z": 0
    },
    "_skewX": 0,
    "_skewY": 0,
    "_is3DNode": false,
    "_groupIndex": 0,
    "groupIndex": 0,
    "_id": ""
  },
  {
    "__type__": "cc.Sprite",
    "_name": "",
    "_objFlags": 0,
    "node": {
      "__id__": 1
    },
    "_enabled": true,
    "_materials": [
      {
        "__uuid__": "eca5d2f2-8ef6-41c2-bbe6-f9c79d09c432"
      }
    ],
    "_srcBlendFactor": 770,
    "_dstBlendFactor": 771,
    "_spriteFrame": {
      "__uuid__": "f087b0e7-a1ce-467c-a062-3760d99d5d96"
    },
    "_type": 0,
    "_sizeMode": 1,
    "_fillType": 0,
    "_fillCenter": {
      "__type__": "cc.Vec2",
      "x": 0,
      "y": 0
    },
    "_fillStart": 0,
    "_fillRange": 0,
    "_isTrimmedMode": true,
    "_atlas": null,
    "_id": ""
  },
  {
    "__type__": "cc.RigidBody",
    "_name": "",
    "_objFlags": 0,
    "node": {
      "__id__": 1
    },
    "_enabled": true,
    "_type": 0,
    "_allowSleep": true,
    "_gravityScale": 1,
    "_linearDamping": 0,
    "_angularDamping": 0,
    "_linearVelocity": {
      "__type__": "cc.Vec2",
      "x": 0,
      "y": 0
    },
    "_angularVelocity": 0,
    "_fixedRotation": false,
    "enabledContactListener": true,
    "bullet": false,
    "awakeOnLoad": true,
    "_id": ""
  },
  {
    "__type__": "cc.PhysicsPolygonCollider",
    "_name": "",
    "_objFlags": 0,
    "node": {
      "__id__": 1
    },
    "_enabled": true,
    "tag": 0,
    "_density": 1,
    "_sensor": false,
    "_friction": 0,
    "_restitution": 0,
    "body": null,
    "_offset": {
      "__type__": "cc.Vec2",
      "x": 0.04,
      "y": 0
    },
    "points": [
      {
        "__type__": "cc.Vec2",
        "x": -11,
        "y": 7.6
      },
      {
        "__type__": "cc.Vec2",
        "x": -13,
        "y": 6
      },
      {
        "__type__": "cc.Vec2",
        "x": -13,
        "y": 4
      },
      {
        "__type__": "cc.Vec2",
        "x": -16,
        "y": -1.4
      },
      {
        "__type__": "cc.Vec2",
        "x": -16,
        "y": -24.07
      },
      {
        "__type__": "cc.Vec2",
        "x": -10.65,
        "y": -31
      },
      {
        "__type__": "cc.Vec2",
        "x": -7.58,
        "y": -31
      },
      {
        "__type__": "cc.Vec2",
        "x": -6.61,
        "y": -29.89
      },
      {
        "__type__": "cc.Vec2",
        "x": -5.96,
        "y": -31
      },
      {
        "__type__": "cc.Vec2",
        "x": 8.43,
        "y": -31
      },
      {
        "__type__": "cc.Vec2",
        "x": 11.45,
        "y": -27.91
      },
      {
        "__type__": "cc.Vec2",
        "x": 13.66,
        "y": -21.68
      },
      {
        "__type__": "cc.Vec2",
        "x": 13.66,
        "y": -17.81
      },
      {
        "__type__": "cc.Vec2",
        "x": 16,
        "y": -15.34
      },
      {
        "__type__": "cc.Vec2",
        "x": 16,
        "y": -7.52
      },
      {
        "__type__": "cc.Vec2",
        "x": 14.9,
        "y": -6.73
      },
      {
        "__type__": "cc.Vec2",
        "x": 14.9,
        "y": 0.87
      },
      {
        "__type__": "cc.Vec2",
        "x": 12.6,
        "y": 12.8
      },
      {
        "__type__": "cc.Vec2",
        "x": 10.2,
        "y": 17.1
      },
      {
        "__type__": "cc.Vec2",
        "x": 8.84,
        "y": 22.76
      },
      {
        "__type__": "cc.Vec2",
        "x": 2.76,
        "y": 27.92
      },
      {
        "__type__": "cc.Vec2",
        "x": 0.2,
        "y": 27.92
      },
      {
        "__type__": "cc.Vec2",
        "x": -0.61,
        "y": 26.89
      },
      {
        "__type__": "cc.Vec2",
        "x": -3.24,
        "y": 31
      },
      {
        "__type__": "cc.Vec2",
        "x": -6.89,
        "y": 31
      },
      {
        "__type__": "cc.Vec2",
        "x": -8.77,
        "y": 28.69
      },
      {
        "__type__": "cc.Vec2",
        "x": -9.74,
        "y": 25.98
      },
      {
        "__type__": "cc.Vec2",
        "x": -11,
        "y": 23.6
      }
    ],
    "_id": ""
  },
  {
    "__type__": "cc.PrefabInfo",
    "root": {
      "__id__": 1
    },
    "asset": {
      "__id__": 0
    },
    "fileId": "",
    "sync": false
  }
]