[
  {
    "__type__": "cc.Prefab",
    "_name": "",
    "_objFlags": 0,
    "_native": "",
    "data": {
      "__id__": 1
    },
    "optimizationPolicy": 0,
    "asyncLoadAssets": false,
    "readonly": false
  },
  {
    "__type__": "cc.Node",
    "_name": "asteroid3",
    "_objFlags": 0,
    "_parent": null,
    "_children": [],
    "_active": true,
    "_components": [
      {
        "__id__": 2
      },
      {
        "__id__": 3
      },
      {
        "__id__": 4
      }
    ],
    "_prefab": {
      "__id__": 5
    },
    "_opacity": 255,
    "_color": {
      "__type__": "cc.Color",
      "r": 255,
      "g": 255,
      "b": 255,
      "a": 255
    },
    "_contentSize": {
      "__type__": "cc.Size",
      "width": 52,
      "height": 56
    },
    "_anchorPoint": {
      "__type__": "cc.Vec2",
      "x": 0.5,
      "y": 0.5
    },
    "_trs": {
      "__type__": "TypedArray",
      "ctor": "Float64Array",
      "array": [
        133.249,
        -128.654,
        0,
        0,
        0,
        0,
        1,
        1,
        1,
        1
      ]
    },
    "_eulerAngles": {
      "__type__": "cc.Vec3",
      "x": 0,
      "y": 0,
      "z": 0
    },
    "_skewX": 0,
    "_skewY": 0,
    "_is3DNode": false,
    "_groupIndex": 0,
    "groupIndex": 0,
    "_id": ""
  },
  {
    "__type__": "cc.Sprite",
    "_name": "",
    "_objFlags": 0,
    "node": {
      "__id__": 1
    },
    "_enabled": true,
    "_materials": [
      {
        "__uuid__": "eca5d2f2-8ef6-41c2-bbe6-f9c79d09c432"
      }
    ],
    "_srcBlendFactor": 770,
    "_dstBlendFactor": 771,
    "_spriteFrame": {
      "__uuid__": "364fa759-e9d2-404d-bf1b-41f41f0abea3"
    },
    "_type": 0,
    "_sizeMode": 1,
    "_fillType": 0,
    "_fillCenter": {
      "__type__": "cc.Vec2",
      "x": 0,
      "y": 0
    },
    "_fillStart": 0,
    "_fillRange": 0,
    "_isTrimmedMode": true,
    "_atlas": null,
    "_id": ""
  },
  {
    "__type__": "cc.RigidBody",
    "_name": "",
    "_objFlags": 0,
    "node": {
      "__id__": 1
    },
    "_enabled": true,
    "_type": 0,
    "_allowSleep": true,
    "_gravityScale": 1,
    "_linearDamping": 0,
    "_angularDamping": 0,
    "_linearVelocity": {
      "__type__": "cc.Vec2",
      "x": 0,
      "y": 0
    },
    "_angularVelocity": 0,
    "_fixedRotation": false,
    "enabledContactListener": true,
    "bullet": false,
    "awakeOnLoad": true,
    "_id": ""
  },
  {
    "__type__": "cc.PhysicsPolygonCollider",
    "_name": "",
    "_objFlags": 0,
    "node": {
      "__id__": 1
    },
    "_enabled": true,
    "tag": 0,
    "_density": 1,
    "_sensor": false,
    "_friction": 0,
    "_restitution": 0,
    "body": null,
    "_offset": {
      "__type__": "cc.Vec2",
      "x": 0,
      "y": 0
    },
    "points": [
      {
        "__type__": "cc.Vec2",
        "x": -0.6,
        "y": 28
      },
      {
        "__type__": "cc.Vec2",
        "x": -1.33,
        "y": 26.7
      },
      {
        "__type__": "cc.Vec2",
        "x": -4.51,
        "y": 26.83
      },
      {
        "__type__": "cc.Vec2",
        "x": -6.66,
        "y": 25.61
      },
      {
        "__type__": "cc.Vec2",
        "x": -9.19,
        "y": 22.8
      },
      {
        "__type__": "cc.Vec2",
        "x": -10.42,
        "y": 22.8
      },
      {
        "__type__": "cc.Vec2",
        "x": -23.62,
        "y": 9.62
      },
      {
        "__type__": "cc.Vec2",
        "x": -26,
        "y": 4.36
      },
      {
        "__type__": "cc.Vec2",
        "x": -25.97,
        "y": -15.6
      },
      {
        "__type__": "cc.Vec2",
        "x": -23.6,
        "y": -19.6
      },
      {
        "__type__": "cc.Vec2",
        "x": -20.67,
        "y": -23.1
      },
      {
        "__type__": "cc.Vec2",
        "x": -19.2,
        "y": -23.1
      },
      {
        "__type__": "cc.Vec2",
        "x": -15.65,
        "y": -25.7
      },
      {
        "__type__": "cc.Vec2",
        "x": -13,
        "y": -25.7
      },
      {
        "__type__": "cc.Vec2",
        "x": -12.5,
        "y": -27
      },
      {
        "__type__": "cc.Vec2",
        "x": -6.6,
        "y": -27
      },
      {
        "__type__": "cc.Vec2",
        "x": -0.7,
        "y": -24
      },
      {
        "__type__": "cc.Vec2",
        "x": 1,
        "y": -24
      },
      {
        "__type__": "cc.Vec2",
        "x": 7.9,
        "y": -28
      },
      {
        "__type__": "cc.Vec2",
        "x": 13.6,
        "y": -27.9
      },
      {
        "__type__": "cc.Vec2",
        "x": 19.91,
        "y": -24.9
      },
      {
        "__type__": "cc.Vec2",
        "x": 23,
        "y": -19.2
      },
      {
        "__type__": "cc.Vec2",
        "x": 26,
        "y": -16.5
      },
      {
        "__type__": "cc.Vec2",
        "x": 26,
        "y": -0.5
      },
      {
        "__type__": "cc.Vec2",
        "x": 21.66,
        "y": 8.52
      },
      {
        "__type__": "cc.Vec2",
        "x": 15.2,
        "y": 14.2
      },
      {
        "__type__": "cc.Vec2",
        "x": 14.2,
        "y": 16.2
      },
      {
        "__type__": "cc.Vec2",
        "x": 10.91,
        "y": 18.01
      },
      {
        "__type__": "cc.Vec2",
        "x": 10.71,
        "y": 20.02
      },
      {
        "__type__": "cc.Vec2",
        "x": 5.48,
        "y": 24.8
      },
      {
        "__type__": "cc.Vec2",
        "x": 2.38,
        "y": 26.05
      },
      {
        "__type__": "cc.Vec2",
        "x": 0.47,
        "y": 27.95
      }
    ],
    "_id": ""
  },
  {
    "__type__": "cc.PrefabInfo",
    "root": {
      "__id__": 1
    },
    "asset": {
      "__id__": 0
    },
    "fileId": "",
    "sync": false
  }
]